% Encoding: UTF-8

@Misc{GameLife,
 title = {Игра "Жизнь" [Электронный ресурс] Википедия — свободная энциклопедия: 
https://ru.wikipedia.org/wiki/%D0%98%D0%B3%D1%80%D0%B0_%C2%AB%D0%96%D0%B8%D0%B7%D0%BD%D1%8C%C2%BB, свободный. - Загл. с экрана. – Яз. рус., англ.},
 urldate = {2024-06-03}
}

@Misc{UI/Ux,
	title = {UI/Ux-дизайн [Электронный ресурс] Яндекс практикум. Режим доступа: 
	https://practicum.yandex.ru/blog/chto-takoe-ux-ui-dizayn/, свободный. - Загл. с экрана. – Яз. рус.},
	urldate = {2024-06-03}
}

@Misc{OsnUnity,
	title = {Основы Unity [Электронный ресурс] Unity — руководство. Режим доступа: 
	https://docs.unity3d.com/ru/530/Manual/UnityBasics.html, свободный. - Загл. с экрана. – Яз. рус., англ.},
	urldate = {2024-06-06}
}

@Misc{UnHub,
	title = {Unity [Электронный ресурс] Что такое Unity Hub. Режим доступа: 
	https://unity.com/ru/unity-hub, свободный. - Загл. с экрана. – Яз. рус., англ.},
	urldate = {2024-06-06}
}

@Misc{vscodeRu,
	title = {Visual Studio Code [Электронный ресурс] Microsoft Lern. Режим доступа: https://learn.microsoft.com/ru-ru/visualstudio/get-started/visual-studio-ide?view=vs-2022, свободный. - Загл. с экрана. – Яз. англ.},
	urldate = {2024-06-06}
}

@Misc{tilemap,
	title = {Tilemap [Электронный ресурс] Введение в систему тайловых карт Unity. Режим доступа: 
	https://habr.com/ru/articles/412765/, свободный. - Загл. с экрана. – Яз. рус.},
	urldate = {2024-06-06}
}

@Misc{vsUn,
	title = {Game dev. with Unity [Электронный ресурс] Создание игр Unity с помощью Visual Studio. Режим доступа: 
	https://visualstudio.microsoft.com/ru/vs/unity-tools/, свободный. - Загл. с экрана. – Яз. рус., англ.},
	urldate = {2024-06-22}
}

@Misc{wikiRUGitHub,
	title = {GitHub [Электронный ресурс] Википедия — свободная энциклопедия. Режим доступа: https://ru.wikipedia.org/wiki/GitHub, свободный. - Загл. с экрана. – Яз. рус., англ.},
	urldate = {2024-06-22}
}

@Misc{pattern,
	title = {Паттерны [Электронный ресурс] Конфигурации Игры «Жизнь». Режим доступа: 
	https://life.written.ru/game_of_life_review_by_gardner, свободный. - Загл. с экрана. – Яз. рус.},
	urldate = {2024-06-23}
}

@Misc{Convei,
	title = {Конвей, Джон Хортон [Электронный ресурс] Википедия — свободная энциклопедия. Режим доступа: https://ru.wikipedia.org/wiki/%D0%9A%D0%BE%D0%BD%D0%B2%D0%B5%D0%B9,_%D0%94%D0%B6%D0%BE%D0%BD_%D0%A5%D0%BE%D1%80%D1%82%D0%BE%D0%BD, свободный. - Загл. с экрана. – Яз. рус.},
	urldate = {2024-06-14}
}

@Misc{Cbib,
	title = {Библия C#. 6-е издание Фленов Михаил Евгеньевич, свободный. - Загл. с экрана. – Яз. англ.},
	urldate = {2024-06-03}
}

@Misc{un,
	title = {Джозеф Хокинг: Unity в действии. Мультиплатформенная разработка на C#, свободный. - Загл. с экрана. – Яз. рус.},
	urldate = {2024-06-03}
}

@Misc{convPat,
	title = {Паттерны, игра "Жизнь" [Электронный ресурс] Википедия — свободная энциклопедия. Режим доступа: https://ru.wikipedia.org/wiki/%D0%94%D0%BE%D0%BB%D0%B3%D0%BE%D0%B6%D0%B8%D1%82%D0%B5%D0%BB%D1%8C_(%D0%BA%D0%BE%D0%BD%D1%84%D0%B8%D0%B3%D1%83%D1%80%D0%B0%D1%86%D0%B8%D1%8F_%D0%BA%D0%BB%D0%B5%D1%82%D0%BE%D1%87%D0%BD%D0%BE%D0%B3%D0%BE_%D0%B0%D0%B2%D1%82%D0%BE%D0%BC%D0%B0%D1%82%D0%B0)#:~:text=%D0%9F%D1%80%D0%B8%D0%BC%D0%B5%D1%80%D1%8B%20%D0%B2%20%D0%B8%D0%B3%D1%80%D0%B5%20%C2%AB%D0%96%D0%B8%D0%B7%D0%BD%D1%8C%C2%BB&text=%D0%AD%D1%82%D0%BE%20%D0%BA%D0%BE%D0%BD%D1%84%D0%B8%D0%B3%D1%83%D1%80%D0%B0%D1%86%D0%B8%D1%8F%20%D0%B8%D0%B7%20%D0%BF%D1%8F%D1%82%D0%B8%20%D1%8F%D1%87%D0%B5%D0%B5%D0%BA,1%20%D0%BA%D0%B0%D1%80%D0%B0%D0%B2%D0%B0%D0%B9%20%D0%B8%201%20%D0%BA%D0%BE%D1%80%D0%B0%D0%B1%D0%BB%D1%8C., свободный. - Загл. с экрана. – Яз. рус.},
	urldate = {2024-06-14}
}

@Misc{git,
	title = {Что такое Git? [Электронный ресурс] Atlassian. Режим доступа: 
	https://www.atlassian.com/ru/git/tutorials/what-is-git, свободный. - Загл. с экрана. – Яз. рус.},
	urldate = {2024-06-23}
}

@Misc{photoshop,
	title = {Adobe Photoshop [Электронный ресурс] Добро пожаловать в Руководство пользователя Photoshop. Режим доступа: 
	https://helpx.adobe.com/ru/photoshop/user-guide.html, свободный. - Загл. с экрана. – Яз. рус.},
	urldate = {2024-06-23}
}


@Comment{jabref-meta: databaseType:biblatex;}